%! Author = Luca Letter

@article{Great_Reference,
    author = {Unknown Author},
    title = {Lorem Ipsum},
    year = 1500,
    publisher = {Unknown Printer}
}
