%! Author = Luca Letter

@online{LoremIpsum_2025,
    author = {{Wasai LLC}},
    title = {Lorem Ipsum},
    url = {https://loremipsum.io},
    note = {Accessed: 03.02.2025},
}
